<record><leader>00000cas a22000007a 4500</leader><controlfield tag="001">22762028</controlfield><controlfield tag="008">901201d1uuu19uuinuwr n       0    0eng d</controlfield><datafield ind1=" " ind2=" " tag="010"><subfield code="a">sn 90099389 </subfield></datafield><datafield ind1=" " ind2=" " tag="040"><subfield code="a">NPI</subfield><subfield code="b">eng</subfield><subfield code="c">NPI</subfield><subfield code="d">OCLCQ</subfield></datafield><datafield ind1=" " ind2=" " tag="042"><subfield code="a">msc</subfield></datafield><datafield ind1="0" ind2="4" tag="245"><subfield code="a">The Warren County sentinel and the Pine Village news.</subfield></datafield><datafield ind1="1" ind2="3" tag="246"><subfield code="a">Warren County sentinel</subfield></datafield><datafield ind1=" " ind2=" " tag="260"><subfield code="a">Pine Village, Warren Co., Ind. :</subfield><subfield code="b">Layton &amp; Entler</subfield></datafield><datafield ind1=" " ind2=" " tag="300"><subfield code="a">v.</subfield></datafield><datafield ind1=" " ind2=" " tag="310"><subfield code="a">Weekly</subfield></datafield><datafield ind1=" " ind2=" " tag="588"><subfield code="a">Description based on: Vol. 9, no. 40 (Oct. 4, 1901).</subfield></datafield><datafield ind1=" " ind2=" " tag="752"><subfield code="a">United States</subfield><subfield code="b">Indiana</subfield><subfield code="c">Warren</subfield><subfield code="d">Pine Village.</subfield></datafield></record>